<?xml version="1.0" encoding="UTF-8"?><collection xmlns="http://www.loc.gov/MARC21/slim"><record><leader>00351nam--2200121-i-4500</leader><controlfield tag="001">000004514</controlfield><controlfield tag="002">20161230</controlfield><controlfield tag="005">20161230201025</controlfield><controlfield tag="008">060222s1000------------r-----000-0-eng-d</controlfield><datafield ind1=" " ind2=" " tag="100"><subfield code="a">Buga, M., Mocanu, D.R., Brates, M</subfield></datafield><datafield ind1=" " ind2=" " tag="245"><subfield code="a">Calcule de rezistenta cu specific feroviar</subfield></datafield><datafield ind1=" " ind2=" " tag="260"><subfield code="a">Bucuresti, Editara Cailor Ferate, 1958. 737 P., 459 Fig</subfield></datafield><datafield ind1=" " ind2=" " tag="852"><subfield code="a">6127</subfield></datafield></record></collection>